@book{kftf,
  title={Keeping Found Things Found: The Study and Practice of Personal Information Management: The Study and Practice of Personal Information Management},
  author={Jones, William},
  year={2010},
  publisher={Morgan Kaufmann}
}

@inproceedings{jones2001keeping,
  title={Keeping found things found on the web},
  author={Jones, William and Bruce, Harry and Dumais, Susan},
  booktitle={Proceedings of the tenth international conference on Information and knowledge management},
  pages={119--126},
  year={2001},
  organization={ACM}
}
@inproceedings{muth1991atomic,
  title={Atomic commitment for integrated database systems},
  author={Muth, Peter and Rakow, Thomas C},
  booktitle={Data Engineering, 1991. Proceedings. Seventh International Conference on},
  pages={296--304},
  year={1991},
  organization={IEEE}
}
@book{stonebraker1986design,
  title={The design of Postgres},
  author={Stonebraker, Michael and Rowe, Lawrence A},
  volume={15},
  number={2},
  year={1986},
  publisher={ACM}
}

@inproceedings{newman1991pepys,
  title={PEPYS: Generating autobiographies by automatic tracking},
  author={Newman, William M and Eldridge, Margery A and Lamming, Michael G},
  booktitle={Proceedings of the Second European Conference on Computer-Supported Cooperative Work ECSCWâ€™91},
  pages={175--188},
  year={1991},
  organization={Springer}
}

@inproceedings{koshutanski2007distributed,
  title={Distributed identity management model for digital ecosystems},
  author={Koshutanski, Hristo and Ion, Mihaela and Telesca, Luigi},
  booktitle={Emerging Security Information, Systems, and Technologies, 2007. SecureWare 2007. The International Conference on},
  pages={132--138},
  year={2007},
  organization={IEEE}
}


@inproceedings{pirolli2005sensemaking,
  title={The sensemaking process and leverage points for analyst technology as identified through cognitive task analysis},
  author={Pirolli, Peter and Card, Stuart},
  booktitle={Proceedings of International Conference on Intelligence Analysis},
  volume={5},
  pages={2--4},
  year={2005}
}
@inproceedings{bellotti2004studies,
  title={What a to-do: studies of task management towards the design of a personal task list manager},
  author={Bellotti, Victoria and Dalal, Brinda and Good, Nathaniel and Flynn, Peter and Bobrow, Daniel G and Ducheneaut, Nicolas},
  booktitle={Proceedings of the SIGCHI conference on Human factors in computing systems},
  pages={735--742},
  year={2004},
  organization={ACM}
}
@article{wang2006privacy,
  title={Privacy-enhancing technologies},
  author={Wang, Yang and Kobsa, Alfred},
  journal={Social and Organizational Liabilities in Information Security},
  pages={203--227},
  year={2006}
}

@article{memex,
  title={As we may think},
  author={Bush, Vannevar},
  year={1945}
}
@book{nelson1987literary,
  title={Literary Machines: The Report On, and Of, Project Xanadu Concerning Word Processing, Electronic Publishing, Hypertext, Thinkertoys, Tomorrow's Intellectual Revolution, and Certain Other Topics Including Knowledge, Education and Freedom},
  author={Nelson, Theodor Holm},
  year={1987},
  publisher={Nelson Ted; Schooley's Mountain, NJ: distrib. by Distributors}
}
@inproceedings{engelbart1968research,
  title={A research center for augmenting human intellect},
  author={Engelbart, Douglas C and English, William K},
  booktitle={Proceedings of the December 9-11, 1968, fall joint computer conference, part I},
  pages={395--410},
  year={1968},
  organization={ACM}
}
@inproceedings{schilit1993parctab,
  title={The PARCTAB mobile computing system},
  author={Schilit, Bill N and Adams, Norman and Gold, Rich and Tso, Michael M and Want, Roy},
  booktitle={Workstation Operating Systems, 1993. Proceedings., Fourth Workshop on},
  pages={34--39},
  year={1993},
  organization={IEEE}
}
@inproceedings{gemmell2002mylifebits,
  title={MyLifeBits: fulfilling the Memex vision},
  author={Gemmell, Jim and Bell, Gordon and Lueder, Roger and Drucker, Steven and Wong, Curtis},
  booktitle={Proceedings of the tenth ACM international conference on Multimedia},
  pages={235--238},
  year={2002},
  organization={ACM}
}
@inproceedings{fertig1996lifestreams,
  title={Lifestreams: an alternative to the desktop metaphor},
  author={Fertig, Scott and Freeman, Eric and Gelernter, David},
  booktitle={Conference companion on Human factors in computing systems},
  pages={410--411},
  year={1996},
  organization={ACM}
}


@article{agustin2001vendor,
  title={VENDOR RELATIONSHIP MANAGEMENT},
  author={Agustin, Joy M and Albritton, William McDaniel},
  year={2001}
}

